<record><leader>02570nam a2200565 i 4500</leader><controlfield tag="001">6810873</controlfield><controlfield tag="003">CaOOAMICUS</controlfield><controlfield tag="005">20150205085858.0</controlfield><controlfield tag="006">m     o  d f      </controlfield><controlfield tag="007">cr cn</controlfield><controlfield tag="008">150128t20152015onca    obs  f000 0 eng  </controlfield><datafield ind1=" " ind2=" " tag="016"><subfield code="a">20157006484</subfield></datafield><datafield ind1=" " ind2=" " tag="020"><subfield code="a">9781100255637</subfield></datafield><datafield ind1=" " ind2=" " tag="035"><subfield code="a">ocn902919385</subfield></datafield><datafield ind1=" " ind2=" " tag="039"><subfield code="a">exclude</subfield></datafield><datafield ind1=" " ind2=" " tag="040"><subfield code="a">CaOONL</subfield><subfield code="b">eng</subfield><subfield code="e">rda</subfield><subfield code="c">CaOONL</subfield><subfield code="d">AEU</subfield></datafield><datafield ind1=" " ind2=" " tag="043"><subfield code="a">n-cn---</subfield></datafield><datafield ind1="1" ind2=" " tag="082"><subfield code="a">339.4</subfield><subfield code="2">15</subfield></datafield><datafield ind1="1" ind2=" " tag="086"><subfield code="a">CS62-0026/2015-1E-PDF</subfield><subfield code="z">62F0026M, no. 1</subfield></datafield><datafield ind1=" " ind2=" " tag="090"><subfield code="a">Internet Access</subfield><subfield code="b">AEU</subfield></datafield><datafield ind1="0" ind2="0" tag="245"><subfield code="a">User guide for the Survey of Household Spending, 2013.</subfield></datafield><datafield ind1=" " ind2="1" tag="264"><subfield code="a">Ottawa :</subfield><subfield code="b">Statistics Canada = Statistique Canada,</subfield><subfield code="c">2015.</subfield></datafield><datafield ind1=" " ind2="4" tag="264"><subfield code="c">&#169;2015</subfield></datafield><datafield ind1=" " ind2=" " tag="300"><subfield code="a">1 online resource (40 pages).</subfield></datafield><datafield ind1=" " ind2=" " tag="336"><subfield code="a">text</subfield><subfield code="b">txt</subfield><subfield code="2">rdacontent</subfield></datafield><datafield ind1=" " ind2=" " tag="337"><subfield code="a">computer</subfield><subfield code="b">c</subfield><subfield code="2">rdamedia</subfield></datafield><datafield ind1=" " ind2=" " tag="338"><subfield code="a">online resource</subfield><subfield code="b">cr</subfield><subfield code="2">rdacarrier</subfield></datafield><datafield ind1="1" ind2=" " tag="490"><subfield code="a">Household expenditures research papers series,</subfield><subfield code="x">1708-8879 ;</subfield><subfield code="v">no. 1</subfield></datafield><datafield ind1="1" ind2=" " tag="490"><subfield code="a">Research paper</subfield></datafield><datafield ind1=" " ind2=" " tag="500"><subfield code="a">Distributed by the Government of Canada Depository Services Program (Weekly checklist 2015-04).</subfield></datafield><datafield ind1=" " ind2=" " tag="500"><subfield code="a">Issued also in French under title: Guide de l'utilisateur, Enqu&#234;te sur les d&#233;penses des m&#233;nages, 2013.</subfield></datafield><datafield ind1=" " ind2=" " tag="500"><subfield code="a">"January 2015."</subfield></datafield><datafield ind1=" " ind2=" " tag="504"><subfield code="a">Includes bibliographical references.</subfield></datafield><datafield ind1=" " ind2=" " tag="550"><subfield code="a">Issued by: Income Statistics Division.</subfield></datafield><datafield ind1=" " ind2=" " tag="596"><subfield code="a">13 44 57</subfield></datafield><datafield ind1=" " ind2="0" tag="650"><subfield code="a">Cost and standard of living</subfield><subfield code="z">Canada</subfield><subfield code="v">Statistics.</subfield></datafield><datafield ind1=" " ind2="0" tag="650"><subfield code="a">Household surveys</subfield><subfield code="z">Canada</subfield><subfield code="v">Handbooks, manuals, etc.</subfield></datafield><datafield ind1=" " ind2="6" tag="650"><subfield code="a">Co&#251;t et niveau de la vie</subfield><subfield code="z">Canada</subfield><subfield code="v">Statistiques.</subfield></datafield><datafield ind1=" " ind2="6" tag="650"><subfield code="a">M&#233;nages (Statistique)</subfield><subfield code="x">Enqu&#234;tes</subfield><subfield code="z">Canada</subfield><subfield code="v">Guides, manuels, etc.</subfield></datafield><datafield ind1="2" ind2=" " tag="710"><subfield code="a">Statistics Canada.</subfield><subfield code="b">Income Statistics Division,</subfield><subfield code="e">issuing body.</subfield></datafield><datafield ind1=" " ind2="0" tag="830"><subfield code="a">Research paper (Statistics Canada)</subfield></datafield><datafield ind1=" " ind2="0" tag="830"><subfield code="a">Household expenditures research papers series  ;</subfield><subfield code="v">no. 1.</subfield></datafield><datafield ind1="4" ind2="0" tag="856"><subfield code="3">Free Access</subfield><subfield code="u">http://epe.lac-bac.gc.ca/100/201/301/weekly_checklist/2015/internet/w15-04-F-E.html/collections/collection_2015/statcan/62f0026m2015001-eng.pdf</subfield></datafield><datafield ind1="4" ind2="0" tag="856"><subfield code="3">Free Access</subfield><subfield code="u">http://publications.gc.ca/collections/collection_2015/statcan/62f0026m2015001-eng.pdf</subfield></datafield><datafield ind1=" " ind2=" " tag="949"><subfield code="h">UAIN</subfield><subfield code="m">NEOS_FREE</subfield><subfield code="z">DSP</subfield></datafield><datafield ind1=" " ind2=" " tag="949"><subfield code="h">UAIN</subfield><subfield code="z">DSP</subfield></datafield><datafield ind1=" " ind2=" " tag="949"><subfield code="h">UAIN</subfield><subfield code="m">GR_MAC_INT</subfield><subfield code="z">DSP</subfield></datafield><datafield ind1=" " ind2=" " tag="926"><subfield code="a">Internet Access</subfield><subfield code="w">LC</subfield><subfield code="c">1</subfield><subfield code="i">6810873-1001</subfield><subfield code="l">INTERNET</subfield><subfield code="m">NEOS_FREE</subfield><subfield code="r">Y</subfield><subfield code="s">Y</subfield><subfield code="t">E-RESOURCE</subfield><subfield code="u">2/23/2015</subfield><subfield code="x">E-BOOK</subfield><subfield code="z">DSP</subfield></datafield><datafield ind1=" " ind2=" " tag="926"><subfield code="a">Internet Access</subfield><subfield code="w">LC</subfield><subfield code="c">1</subfield><subfield code="i">6810873-2001</subfield><subfield code="l">INTERNET</subfield><subfield code="m">UAINTERNET</subfield><subfield code="r">Y</subfield><subfield code="s">Y</subfield><subfield code="t">E-RESOURCE</subfield><subfield code="u">2/23/2015</subfield><subfield code="x">E-BOOK</subfield><subfield code="z">DSP</subfield></datafield><datafield ind1=" " ind2=" " tag="926"><subfield code="a">Internet Access</subfield><subfield code="w">LC</subfield><subfield code="c">1</subfield><subfield code="i">6810873-3001</subfield><subfield code="l">INTERNET</subfield><subfield code="m">GR_MAC_INT</subfield><subfield code="r">Y</subfield><subfield code="s">Y</subfield><subfield code="t">E-RESOURCE</subfield><subfield code="u">2/23/2015</subfield><subfield code="x">E-BOOK</subfield><subfield code="z">DSP</subfield></datafield></record>